@inproceedings{Hessel2018RainbowCI,
  title={Rainbow: Combining Improvements in Deep Reinforcement Learning},
  author={Matteo Hessel and Joseph Modayil and Hado P. van Hasselt and Tom Schaul and Georg Ostrovski and Will Dabney and Dan Horgan and Bilal Piot and Mohammad Gheshlaghi Azar and David Silver},
  booktitle={AAAI},
  year={2018}
}

@article{DBLP:journals/corr/SchaulQAS15,
	  author    = {Tom Schaul and
		                 John Quan and
					                Ioannis Antonoglou and
							               David Silver},
	    title     = {Prioritized Experience Replay},
	      journal   = {CoRR},
	        volume    = {abs/1511.05952},
		  year      = {2015},
		    url       = {http://arxiv.org/abs/1511.05952},
		      archivePrefix = {arXiv},
		        eprint    = {1511.05952},
			  timestamp = {Mon, 13 Aug 2018 16:46:28 +0200},
			    biburl    = {https://dblp.org/rec/bib/journals/corr/SchaulQAS15},
			      bibsource = {dblp computer science bibliography, https://dblp.org}
}
@article{DBLP:journals/corr/HasseltGS15,
  author    = {Hado van Hasselt and
               Arthur Guez and
               David Silver},
  title     = {Deep Reinforcement Learning with Double Q-learning},
  journal   = {CoRR},
  volume    = {abs/1509.06461},
  year      = {2015},
  url       = {http://arxiv.org/abs/1509.06461},
  archivePrefix = {arXiv},
  eprint    = {1509.06461},
  timestamp = {Mon, 13 Aug 2018 16:47:32 +0200},
  biburl    = {https://dblp.org/rec/bib/journals/corr/HasseltGS15},
  bibsource = {dblp computer science bibliography, https://dblp.org}
}
